
@book{briggs-2000,
author = {Briggs, William and Henson, Van and McCormick, Steve},
year = {2000},
month = {01},
pages = {},
title = {A Multigrid Tutorial, 2nd Edition},
isbn = {978-0-89871-462-3}
}

@article{udell-2019,
author = {Udell, M. and Townsend, A.},
title = {Why Are Big Data Matrices Approximately Low Rank?},
journal = {SIAM Journal on Mathematics of Data Science},
volume = {1},
number = {1},
pages = {144-160},
year = {2019},
doi = {10.1137/18M1183480},
URL = { https://doi.org/10.1137/18M1183480 },
eprint = { https://doi.org/10.1137/18M1183480 }
}

@article{martinsson-2011,
title = "A randomized algorithm for the decomposition of matrices",
journal = "Applied and Computational Harmonic Analysis",
volume = "30",
number = "1",
pages = "47 - 68",
year = "2011",
issn = "1063-5203",
doi = "https://doi.org/10.1016/j.acha.2010.02.003",
url = "http://www.sciencedirect.com/science/article/pii/S1063520310000242",
author = "Per-Gunnar Martinsson and Vladimir Rokhlin and Mark Tygert",
keywords = "Randomized, Algorithm, Low rank, Matrix, SVD, Lanczos",
}

@misc{shewchuk-1994,
  title={An introduction to the conjugate gradient method without the agonizing pain},
  author={Shewchuk, Jonathan Richard},
  year={1994},
  publisher={Carnegie-Mellon University. Department of Computer Science}
}
